@Book{ Nielsen2000,
	author = "Michael A. Nielsen and Issac L. Chuang",
	publisher = "Cambridge University Press",
	title = "{Quantum Computation and Quantum Information}",
	year = "2000"
}

@Book{ Yokonuma1992,
	author = "Takeo Yokonuma",
	publisher = "American Mathematical Society",
	title = "Tensor Spaces and Exterior Algebra",
	year = "1992"
}

@Book{ Lang,
	author = "Serge Lang",
	title = "Algebra",
	publisher = "Springer - Graduate Texts in Maths",
	year = "1993"
}

@Book{ CategoryTheory,
	author = "Steve Awodey",
	title = "Category Theory",
	publisher = "Oxford University Press",
	year = "2009"
}

@Book{ GeometricPhasesinClassicalandQuantum,
	title = "Geometric phases in classical and quantum mechanics",
	author = "Andrzej Jamio{\l}kowski {Dariusz Chru{\'s}ci{\'n}ski}",
	year = "2004",
	publisher = "Birkhauser"
}

@Book{ GeometryPhysicsTopology,
	title = "Geometry and Topology in Physics",
	author = "Mikio Nakahara",
	year = "2002",
	publisher = "Taylor and Francis"
}

@Article{ Ben-Aryeh2004,
	author = "Y. {Ben-Aryeh}",
	title = "{Berry and Pancharatnam Topological Phases of Atomic and Optical Systems}",
	journal = "ArXiv Quantum Physics e-prints",
	eprint = "arXiv:quant-ph/0402003",
	year = 2004,
	month = feb,
	adsurl = "http://adsabs.harvard.edu/abs/2004quant.ph..2003B",
	adsnote = "Provided by the SAO/NASA Astrophysics Data System"
}

@Article{ CoalgebraRep,
	author = "William Chin",
	title = "A Brief Introduction to Coalgebra Representation Theory",
	journal = "http://condor.depaul.edu/~wchin/crt.pdf",
	adsurl = "http://condor.depaul.edu/~wchin"
}

@Book{ AlgebraicOperads,
	author = "Jean-Louis Loday and Bruno Valette",
	title = "Algebraic Operads",
	year = "Work in Progress"
}

@Book{ QuantumFieldsandStrings,
	title = "Quantum FIeld and Strings: A course for Mathematicians",
	editor = "Pierre Deligne and D. Kazhdan and Ed Witten and P. Etinghof",
	publisher = "American Mathematical Society",
	volume = "1",
	year = "1999",
	keywords = "exterior algebra, Supersymmetry, pure mathematics, tensors"
}

@Book{ Princeton,
	title = "The Princeton Companion to Mathematics",
	series = "Princeton Reference",
	editor = "Tim Gowers",
	publisher = "Princeton University Press",
	year = "2009"
}

@Book{ QuantumGroups,
	title = "A Quantum Groups Primer",
	author = "Shahn Majid",
	publisher = "Cambridge University Press",
	year = "2002"
}

@Book{ FoundationsDiffMan,
	title = "Foundations of Differential Manifolds and Lie Groups",
	series = "Graduate Texts in Mathematics",
	author = "Frank W. Warner",
	publisher = "Springer",
	address = "New York",
	volume = "94",
	year = "1983"
}

@Book{ Homology,
	title = "Homology",
	series = "Classics in Mathematics",
	author = "Saunders Mac Lane",
	publisher = "Springer",
	address = "Berlin-Heidelberg",
	year = "1963"
}

@Book{ Marsden,
	author = "Jerold Marsden and Tudor Raitu",
	title = "Manifolds,Tensor Analysis and Applications",
	publisher = "Springer-Verlag",
	year = "2001"
}
@Book{ MeasureTheory,
	title = "Measure, Integral and Probability",
	author = "Marek Capinski and Peter E. Kopp",
	publisher = "Springer Undergraduate Mathematics Series",
	year = "2005"
}


@Book{ RudinFA,
	title = "Functional Analysis",
	publisher = "McGraw-Hill Book Company",
	year = "1991",
	author = "Walter Rudin",
	edition = "2nd"
}

@Article{ EguchiGilkeyHanson,
	title = "Gravitation, Gauge Theories and Differential Geometry",
	author = "{Gilkey and Hanson} Eguchi",
	journal = "Physics Reports",
	pages = " 213--393",
	volume = "66",
	number = "6",
	year = "1980"
}
@ARTICLE{Jones1983,
   author = {{Jones}, V.~F.~R.},
    title = "{Index for Subfactors.}",
  journal = {Inventiones Mathematicae},
     year = 1983,
   volume = 72,
    pages = {1-+},
      doi = {10.1007/BF01389127},
   adsurl = {http://adsabs.harvard.edu/abs/1983InMat..72....1J},
  adsnote = {Provided by the SAO/NASA Astrophysics Data System}
}
@ARTICLE{TemperleyLieb1971,
   author = {{Temperley}, H.~N.~V. and {Lieb}, E.~H.},
    title = "{Relations between the 'Percolation' and 'Colouring' Problem and other Graph-Theoretical Problems Associated with Regular Planar Lattices: Some Exact Results for the 'Percolation' Problem}",
  journal = {Royal Society of London Proceedings Series A},
     year = 1971,
    month = apr,
   volume = 322,
    pages = {251-280},
      doi = {10.1098/rspa.1971.0067},
   adsurl = {http://adsabs.harvard.edu/abs/1971RSPSA.322..251T},
  adsnote = {Provided by the SAO/NASA Astrophysics Data System}
}

@ARTICLE{Blueprint_TQC_2010,
   author = {{Bonderson}, P. and {Das Sarma}, S. and {Freedman}, M. and {Nayak}, C.
	},
    title = "{A Blueprint for a Topologically Fault-tolerant Quantum Computer}",
  journal = {ArXiv e-prints},
archivePrefix = "arXiv",
   eprint = {1003.2856},
 primaryClass = "quant-ph",
 keywords = {Quantum Physics, Condensed Matter - Mesoscale and Nanoscale Physics, Condensed Matter - Strongly Correlated Electrons},
     year = 2010,
    month = mar,
   adsurl = {http://adsabs.harvard.edu/abs/2010arXiv1003.2856B},
  adsnote = {Provided by the SAO/NASA Astrophysics Data System}
}

@PHDTHESIS{2007PhDT.......224H,
   author = {{Hormozi}, L.},
    title = "{Topological quantum compiling}",
   school = {The Florida State University},
     year = 2007,
   adsurl = {arXiv:quant-ph/0610111},
  adsnote = {Provided by the SAO/NASA Astrophysics Data System}
}
@ARTICLE{Bomin2010PhRvL.105c0403B_IsingAnyons,
   author = {{Bombin}, H.},
    title = "{Topological Order with a Twist: Ising Anyons from an Abelian Model}",
  journal = {Physical Review Letters},
archivePrefix = "arXiv",
   eprint = {1004.1838},
 primaryClass = "cond-mat.str-el",
 keywords = {Fractional statistics systems, Quantum computation, Theory and modeling},
     year = 2010,
    month = jul,
   volume = 105,
   number = 3,
    pages = {030403-+},
      doi = {10.1103/PhysRevLett.105.030403},
   adsurl = {http://adsabs.harvard.edu/abs/2010PhRvL.105c0403B},
  adsnote = {Provided by the SAO/NASA Astrophysics Data System}
}

@article{TQFTJones_1989,
author = {Edward Witten},
title = {Quantum field theory and the Jones polynomial},
journal = {Communications in Mathematical Physics},
volume = {121},
year = {1989},
pages = {351--399},
issue = {3},
doi = {10.1007/BF01217730},
masid = {18188674}
}



